<?xml version="1.0" encoding="UTF-8"?><collection xmlns="http://www.loc.gov/MARC21/slim"><record><leader>00722nam--2200193-i-4500</leader><controlfield tag="001">000007216</controlfield><controlfield tag="002">20161230</controlfield><controlfield tag="005">20170210152351</controlfield><controlfield tag="008">060222s1000------------r-----000-0-fre-d</controlfield><datafield ind1=" " ind2=" " tag="040"><subfield code="a">IFIN-HH</subfield></datafield><datafield ind1=" " ind2=" " tag="041"><subfield code="a">fre</subfield></datafield><datafield ind1=" " ind2=" " tag="080"><subfield code="a">539.1</subfield></datafield><datafield ind1="1" ind2=" " tag="110"><subfield code="a">Centre National De La Recherche Scientifique</subfield></datafield><datafield ind1="1" ind2="0" tag="245"><subfield code="a">Comptes rendus du congres international de physique nucleaire. 30-e anniversaire de la decouverte de la radioactivite artificielle, Paris - Palais de l'Unesco, 2-8 juillet 1964. Prepares par madame P. Gugenberger</subfield></datafield><datafield ind1=" " ind2=" " tag="260"><subfield code="a">Paris</subfield><subfield code="b">Centre National De La Recherche Scientifique</subfield><subfield code="c">1964</subfield></datafield><datafield ind1=" " ind2=" " tag="300"><subfield code="a">2 volume</subfield></datafield><datafield ind1="1" ind2=" " tag="787"><subfield code="a">Volume Ii</subfield><subfield code="h">X +1227 p</subfield><subfield code="t">Communications</subfield></datafield><datafield ind1=" " ind2=" " tag="852"><subfield code="a">21751</subfield><subfield code="c">539</subfield></datafield><datafield ind1=" " ind2=" " tag="CAT"><subfield code="a">SYS</subfield><subfield code="c">20170210</subfield><subfield code="h">152351</subfield></datafield></record></collection>